<collection xmlns="http://www.loc.gov/MARC21/slim">
<record>
  <leader>01023nam0a2200229 i 450 </leader>
  <controlfield tag="001">IT\ICCU\CNCE\014899</controlfield>
  <controlfield tag="005">20160315000000.0</controlfield>
  <datafield tag="012" ind1=" " ind2=" ">
    <subfield code="a">o-ta o.o, e.te ReRu (C) 1584 (R)</subfield>
    <subfield code="2">fei</subfield>
  </datafield>
  <datafield tag="100" ind1=" " ind2=" ">
    <subfield code="a">19970101d1584        0itac0103    ba</subfield>
  </datafield>
  <datafield tag="101" ind1=" " ind2=" ">
    <subfield code="a">ITA</subfield>
  </datafield>
  <datafield tag="102" ind1=" " ind2=" ">
    <subfield code="a">IT</subfield>
  </datafield>
  <datafield tag="200" ind1="1" ind2=" ">
    <subfield code="a">Argomenti del Furioso di Lodouico Ariosto; composti sopra tutti i Canti per Leonardo Colombini da Trento</subfield>
  </datafield>
  <datafield tag="210" ind1=" " ind2=" ">
    <subfield code="a">In Trento</subfield>
    <subfield code="c">per Gio. Battista e Giacomo fratelli Gelmini</subfield>
    <subfield code="d">1584</subfield>
  </datafield>
  <datafield tag="215" ind1=" " ind2=" ">
    <subfield code="a">\12! c.</subfield>
    <subfield code="d">8ʻ</subfield>
  </datafield>
  <datafield tag="620" ind1=" " ind2=" ">
    <subfield code="a">IT</subfield>
    <subfield code="d">Trento</subfield>
  </datafield>
  <datafield tag="700" ind1=" " ind2="1">
    <subfield code="a">Colombino,</subfield>
    <subfield code="b">Leonardo</subfield>
    <subfield code="3">IT\ICCU\CNCA\003777</subfield>
  </datafield>
  <datafield tag="712" ind1="0" ind2="0">
    <subfield code="a">Gelmini, Giovanni Battista &amp; Gelmini, Giacomo</subfield>
    <subfield code="3">IT\ICCU\CNCT\000438</subfield>
    <subfield code="4">650</subfield>
  </datafield>
  <datafield tag="790" ind1=" " ind2="1">
    <subfield code="a">Colombini,</subfield>
    <subfield code="b">Leonardo </subfield>
    <subfield code="c"> &lt;trentino&gt;</subfield>
    <subfield code="3">IT\ICCU\CNCA\008340</subfield>
    <subfield code="z">Colombino, Leonardo</subfield>
  </datafield>
  <datafield tag="790" ind1=" " ind2="1">
    <subfield code="a">Colombini,</subfield>
    <subfield code="b">Leonardo : da Trento</subfield>
    <subfield code="3">IT\ICCU\CNCA\013278</subfield>
    <subfield code="z">Colombino, Leonardo</subfield>
  </datafield>
  <datafield tag="791" ind1="0" ind2="0">
    <subfield code="a">Gelmini, Giacomo</subfield>
    <subfield code="3">IT\ICCU\CNCT\000439</subfield>
    <subfield code="z">Gelmini, Giovanni Battista &amp; Gelmini, Giacomo</subfield>
  </datafield>
  <datafield tag="801" ind1=" " ind2="3">
    <subfield code="a">IT</subfield>
    <subfield code="b">ICCU</subfield>
    <subfield code="c">20201114</subfield>
  </datafield>
  <datafield tag="899" ind1=" " ind2=" ">
    <subfield code="a">Biblioteca comunale Ariostea. Ferrara</subfield>
    <subfield code="1">FE0017</subfield>
    <subfield code="2">UFE AR</subfield>
  </datafield>
</record>
</collection>
